<?xml version="1.0" encoding="UTF-8"?>
  <record xmlns="http://www.loc.gov/MARC21/slim" type="Authority">
    <leader>00000nz  a2200000nc 4500</leader>
    <controlfield tag="001">117600547</controlfield>
    <controlfield tag="003">DE-101</controlfield>
    <controlfield tag="005">20220604115316.0</controlfield>
    <controlfield tag="008">961111n||azznnaabn           | aaa    |c</controlfield>
    <datafield tag="024" ind1="7" ind2=" ">
      <subfield code="a">117600547</subfield>
      <subfield code="0">http://d-nb.info/gnd/117600547</subfield>
      <subfield code="2">gnd</subfield>
    </datafield>
    <datafield tag="035" ind1=" " ind2=" ">
      <subfield code="a">(DE-101)117600547</subfield>
    </datafield>
    <datafield tag="035" ind1=" " ind2=" ">
      <subfield code="a">(DE-588)117600547</subfield>
    </datafield>
    <datafield tag="035" ind1=" " ind2=" ">
      <subfield code="z">(DE-588a)117600547</subfield>
      <subfield code="9">v:zg</subfield>
    </datafield>
    <datafield tag="035" ind1=" " ind2=" ">
      <subfield code="z">(DE-588c)4626800-5</subfield>
      <subfield code="9">v:zg</subfield>
    </datafield>
    <datafield tag="040" ind1=" " ind2=" ">
      <subfield code="a">DE-611</subfield>
      <subfield code="c">DE-611</subfield>
      <subfield code="9">r:DE-611</subfield>
      <subfield code="b">ger</subfield>
      <subfield code="d">1210</subfield>
    </datafield>
    <datafield tag="042" ind1=" " ind2=" ">
      <subfield code="a">gnd1</subfield>
    </datafield>
    <datafield tag="043" ind1=" " ind2=" ">
      <subfield code="c">XA-GB</subfield>
    </datafield>
    <datafield tag="065" ind1=" " ind2=" ">
      <subfield code="a">8.4p</subfield>
      <subfield code="2">sswd</subfield>
    </datafield>
    <datafield tag="075" ind1=" " ind2=" ">
      <subfield code="b">p</subfield>
      <subfield code="2">gndgen</subfield>
    </datafield>
    <datafield tag="075" ind1=" " ind2=" ">
      <subfield code="b">piz</subfield>
      <subfield code="2">gndspec</subfield>
    </datafield>
    <datafield tag="079" ind1=" " ind2=" ">
      <subfield code="a">g</subfield>
      <subfield code="q">a</subfield>
      <subfield code="q">f</subfield>
      <subfield code="q">s</subfield>
      <subfield code="q">z</subfield>
      <subfield code="u">k</subfield>
      <subfield code="u">w</subfield>
    </datafield>
    <datafield tag="100" ind1="1" ind2=" ">
      <subfield code="a">Monk, George</subfield>
      <subfield code="d">1608-1670</subfield>
    </datafield>
    <datafield tag="375" ind1=" " ind2=" ">
      <subfield code="a">1</subfield>
      <subfield code="2">iso5218</subfield>
    </datafield>
    <datafield tag="400" ind1="1" ind2=" ">
      <subfield code="a">Monck, George</subfield>
      <subfield code="d">1608-1670</subfield>
      <subfield code="9">v:Enc. Brit.</subfield>
    </datafield>
    <datafield tag="400" ind1="1" ind2=" ">
      <subfield code="a">Monck of Albemarle, George</subfield>
      <subfield code="d">1608-1670</subfield>
    </datafield>
    <datafield tag="400" ind1="1" ind2=" ">
      <subfield code="a">Monk of Albemarle, George</subfield>
      <subfield code="d">1608-1670</subfield>
    </datafield>
    <datafield tag="400" ind1="1" ind2=" ">
      <subfield code="a">Monk d'Albermarle, George</subfield>
      <subfield code="d">1608-1670</subfield>
    </datafield>
    <datafield tag="400" ind1="1" ind2=" ">
      <subfield code="a">Monck, George Henry</subfield>
      <subfield code="d">1608-1670</subfield>
    </datafield>
    <datafield tag="400" ind1="1" ind2=" ">
      <subfield code="a">Monk, George Henry</subfield>
      <subfield code="d">1608-1670</subfield>
    </datafield>
    <datafield tag="400" ind1="1" ind2=" ">
      <subfield code="a">Monk, George</subfield>
      <subfield code="c">Duke of Albemarle</subfield>
      <subfield code="d">1608-1670</subfield>
    </datafield>
    <datafield tag="400" ind1="1" ind2=" ">
      <subfield code="a">Monk, George</subfield>
      <subfield code="c">duc d'Albemarle</subfield>
      <subfield code="d">1608-1670</subfield>
    </datafield>
    <datafield tag="400" ind1="0" ind2=" ">
      <subfield code="a">Monck</subfield>
      <subfield code="d">1608-1670</subfield>
    </datafield>
    <datafield tag="400" ind1="1" ind2=" ">
      <subfield code="a">Albemarle, George M.</subfield>
      <subfield code="d">1608-1670</subfield>
    </datafield>
    <datafield tag="400" ind1="1" ind2=" ">
      <subfield code="a">Albermarle, George M.</subfield>
      <subfield code="d">1608-1670</subfield>
    </datafield>
    <datafield tag="400" ind1="1" ind2=" ">
      <subfield code="a">Albemarle, George &#152;of&#156;</subfield>
      <subfield code="d">1608-1670</subfield>
    </datafield>
    <datafield tag="400" ind1="1" ind2=" ">
      <subfield code="a">Albemarle, George</subfield>
      <subfield code="d">1608-1670</subfield>
    </datafield>
    <datafield tag="400" ind1="1" ind2=" ">
      <subfield code="a">Albermarle, George</subfield>
      <subfield code="d">1608-1670</subfield>
    </datafield>
    <datafield tag="400" ind1="1" ind2=" ">
      <subfield code="a">Albemarle, George Monk &#152;of&#156;</subfield>
      <subfield code="d">1608-1670</subfield>
    </datafield>
    <datafield tag="400" ind1="1" ind2=" ">
      <subfield code="a">Albemarle, George Monck &#152;of&#156;</subfield>
      <subfield code="d">1608-1670</subfield>
      <subfield code="9">v:LCAuth</subfield>
    </datafield>
    <datafield tag="400" ind1="1" ind2=" ">
      <subfield code="a">Albemarle, George</subfield>
      <subfield code="c">duc d'</subfield>
      <subfield code="d">1608-1670</subfield>
    </datafield>
    <datafield tag="548" ind1=" " ind2=" ">
      <subfield code="a">1608-1670</subfield>
      <subfield code="4">datl</subfield>
      <subfield code="4">https://d-nb.info/standards/elementset/gnd#dateOfBirthAndDeath</subfield>
      <subfield code="w">r</subfield>
      <subfield code="i">Lebensdaten</subfield>
      <subfield code="9">v:abweichendes Todesjahr 1669</subfield>
    </datafield>
    <datafield tag="550" ind1=" " ind2=" ">
      <subfield code="0">(DE-101)04132742X</subfield>
      <subfield code="0">(DE-588)4132742-1</subfield>
      <subfield code="0">https://d-nb.info/gnd/4132742-1</subfield>
      <subfield code="a">General</subfield>
      <subfield code="4">berc</subfield>
      <subfield code="4">https://d-nb.info/standards/elementset/gnd#professionOrOccupation</subfield>
      <subfield code="w">r</subfield>
      <subfield code="i">Charakteristischer Beruf</subfield>
    </datafield>
    <datafield tag="550" ind1=" " ind2=" ">
      <subfield code="0">(DE-101)041414357</subfield>
      <subfield code="0">(DE-588)4141435-4</subfield>
      <subfield code="0">https://d-nb.info/gnd/4141435-4</subfield>
      <subfield code="a">Admiral</subfield>
      <subfield code="4">beru</subfield>
      <subfield code="4">https://d-nb.info/standards/elementset/gnd#professionOrOccupation</subfield>
      <subfield code="w">r</subfield>
      <subfield code="i">Beruf</subfield>
    </datafield>
    <datafield tag="550" ind1=" " ind2=" ">
      <subfield code="0">(DE-101)041596765</subfield>
      <subfield code="0">(DE-588)4159676-6</subfield>
      <subfield code="0">https://d-nb.info/gnd/4159676-6</subfield>
      <subfield code="a">Herzog</subfield>
      <subfield code="4">adel</subfield>
      <subfield code="4">https://d-nb.info/standards/elementset/gnd#titleOfNobility</subfield>
      <subfield code="w">r</subfield>
      <subfield code="i">Adelstitel</subfield>
    </datafield>
    <datafield tag="667" ind1=" " ind2=" ">
      <subfield code="a">12</subfield>
    </datafield>
    <datafield tag="670" ind1=" " ind2=" ">
      <subfield code="a">BBI, 776, 196-435</subfield>
    </datafield>
    <datafield tag="670" ind1=" " ind2=" ">
      <subfield code="a">LCAuth; Enc. Brit.</subfield>
    </datafield>
    <datafield tag="670" ind1=" " ind2=" ">
      <subfield code="a">BnF Cat. général 10676280</subfield>
    </datafield>
    <datafield tag="672" ind1=" " ind2="0">
      <subfield code="a">Monk, George: A collection of several letters and declarations</subfield>
      <subfield code="f">1660</subfield>
    </datafield>
    <datafield tag="672" ind1=" " ind2="0">
      <subfield code="a">Monk, George: A declaration of ... touching the King of Scots</subfield>
      <subfield code="f">1659</subfield>
    </datafield>
    <datafield tag="672" ind1=" " ind2="0">
      <subfield code="a">Monk, George: The declaration and speech of George Monk to the right honourable the Lor*</subfield>
      <subfield code="f">1660</subfield>
    </datafield>
    <datafield tag="672" ind1=" " ind2="0">
      <subfield code="a">Monk, George: A letter from ... 11 of Feb. 1659</subfield>
      <subfield code="f">1660</subfield>
    </datafield>
    <datafield tag="672" ind1=" " ind2="0">
      <subfield code="a">Monk, George: General Monck's last letter</subfield>
      <subfield code="f">1659</subfield>
    </datafield>
    <datafield tag="672" ind1=" " ind2="0">
      <subfield code="a">Monk, George: A letter from ... George Monck to the Parliament</subfield>
      <subfield code="f">1660</subfield>
    </datafield>
    <datafield tag="672" ind1=" " ind2="0">
      <subfield code="a">Monk, George: A letter from George Monck to the Parliament</subfield>
      <subfield code="f">1660</subfield>
    </datafield>
    <datafield tag="672" ind1=" " ind2="0">
      <subfield code="a">Monk, George: A letter from Georg Monck to the several and respective regiments</subfield>
      <subfield code="f">1659</subfield>
    </datafield>
    <datafield tag="672" ind1=" " ind2="0">
      <subfield code="a">Monk, George: A sober letter of George Monck</subfield>
      <subfield code="f">1659</subfield>
    </datafield>
    <datafield tag="672" ind1=" " ind2="0">
      <subfield code="a">Monk, George: Observations upon military and political affairs</subfield>
      <subfield code="f">1671</subfield>
    </datafield>
    <datafield tag="678" ind1=" " ind2=" ">
      <subfield code="b">1st Duke of Albermarle; Englischer General</subfield>
    </datafield>
    <datafield tag="913" ind1=" " ind2=" ">
      <subfield code="S">pnd</subfield>
      <subfield code="i">a</subfield>
      <subfield code="a">Monk, George</subfield>
      <subfield code="0">(DE-588a)117600547</subfield>
    </datafield>
  </record>
